@Misc{Lamport1985,
	Author = "Leslie Lamport",
	Title = "LaTeX",
	Note = "\url{http://latex-project.org} [Bezocht: 20150502]",
	year = 1985,
}

@Misc{Ho2015,
	Author = "Don Ho",
	Title = "Notepad ++",
	Note ="\url{http://notepad-plus-plus.org} [Bezocht: 20150502]",
	year = 2015,
}
	
@Misc{Schenk2015,
	Author = "Christian Schenk",
	Title = "MikTeX",
	Note ="\url{http://miktex.org} [Bezocht: 20150502]",
	year = 2015,
}

@misc{Oetiker2008,
  author = {Tobias Oetiker and Hubert Partl and Irene Hyna and Elisabeth Schlegl},
  title = {The Not So Short Introduction to LaTeX},
  url = "\url{http://tobi.oetiker.ch/lshort/lshort.pdf}",
  year = {2008}
}
